@article{salam1959,
	abstract = {The postulate of a «local connection»in a {$[$}3{$]$} charge space leads to the introduction of three spin one fields. One of these can be identified with the electro-magnetic field and the other two can be shown to mediate all known weak interactions, thus unifying these interactions with electro-magnetism. The theory takes account of the fact that weak interactions violate parity and strangeness conservation while electromagnetic interactions do not do so.},
	author = {Salam, Abdus and Ward, J. C.},
	date = {1959/02/01},
	date-added = {2025-08-20 10:00:21 +0200},
	date-modified = {2025-08-20 10:00:21 +0200},
	doi = {10.1007/BF02726525},
	id = {Salam1959},
	isbn = {1827-6121},
	journal = {Il Nuovo Cim. (1955-1965)},
	number = {4},
	pages = {568--577},
	title = {Weak and electromagnetic interactions},
	url = {https://doi.org/10.1007/BF02726525},
	volume = {11},
	year = {1959},
	bdsk-url-1 = {https://doi.org/10.1007/BF02726525}
}

@article{glashow1959,
	abstract = {A new and less restrictive criterion is deduced for the renormalizability of vector meson interactions. As an example, the electromagnetic interaction of a charged vector meson with unit anomalous magnetic moment is shown to be renormalizable. In order to construct a renormalizable theory of the elementary-particle decays in which such a particle plays the role of an intermediary, it is found necessary to assume an intimate connection between decay-inducing and electrodynamic interactions.},
	author = {Sheldon L. Glashow},
	doi = {https://doi.org/10.1016/0029-5582(59)90196-8},
	issn = {0029-5582},
	journal = {Nucl. Phys.},
	pages = {107-117},
	title = {The renormalizability of vector meson interactions},
	url = {https://www.sciencedirect.com/science/article/pii/0029558259901968},
	volume = {10},
	year = {1959},
	bdsk-url-1 = {https://www.sciencedirect.com/science/article/pii/0029558259901968},
	bdsk-url-2 = {https://doi.org/10.1016/0029-5582(59)90196-8}
}

@article{weinberg1967,
  title = {A Model of Leptons},
  author = {Weinberg, Steven},
  journal = {Phys. Rev. Lett.},
  volume = {19},
  issue = {21},
  pages = {1264--1266},
  numpages = {0},
  year = {1967},
  month = {Nov},
  publisher = {American Physical Society},
  doi = {10.1103/PhysRevLett.19.1264},
  url = {https://link.aps.org/doi/10.1103/PhysRevLett.19.1264}
}


@article{atlas2012,
	author = {ATLAS Collaboration},
	doi = {https://doi.org/10.1016/j.physletb.2012.08.020},
	issn = {0370-2693},
	journal = {Phys. Lett. B},
	number = {1},
	pages = {1-29},
	title = {Observation of a new particle in the search for the Standard Model Higgs boson with the ATLAS detector at the LHC},
	url = {https://www.sciencedirect.com/science/article/pii/S037026931200857X},
	volume = {716},
	year = {2012},
	bdsk-url-1 = {https://www.sciencedirect.com/science/article/pii/S037026931200857X},
	bdsk-url-2 = {https://doi.org/10.1016/j.physletb.2012.08.020}}


@article{blake2015,
   title={Rare b Hadron Decays at the LHC},
   volume={65},
   ISSN={1545-4134},
   url={http://dx.doi.org/10.1146/annurev-nucl-102014-022231},
   DOI={10.1146/annurev-nucl-102014-022231},
   number={1},
   journal={Annu. Rev. Nucl. Part. Sci.},
   publisher={Annual Reviews},
   author={Blake, T. and Gershon, T. and Hiller, G.},
   year={2015},
   month=oct, pages={113–143} }

@article{lhcb2008,
doi = {10.1088/1748-0221/3/08/S08005},
url = {https://dx.doi.org/10.1088/1748-0221/3/08/S08005},
year = {2008},
month = {aug},
publisher = {},
volume = {3},
number = {08},
pages = {S08005},
author = {LHCb Collaboration},
title = {The LHCb Detector at the LHC},
journal = {J. Instrum.},
abstract = {The LHCb experiment is dedicated to precision measurements of CP violation and rare decays of B hadrons at the Large Hadron Collider (LHC) at CERN (Geneva).  The initial configuration and expected performance of the detector and associated systems, as established by test beam measurements and simulation studies, is described.}
}


@article{lhcb2015,
    author = {LHCb Collaboration},
	abstract = { The LHCb detector is a forward spectrometer at the Large Hadron Collider (LHC) at CERN. The experiment is designed for precision measurements of CP violation and rare decays of beauty and charm hadrons. In this paper the performance of the various LHCb sub-detectors and the trigger system are described, using data taken from 2010 to 2012. It is shown that the design criteria of the experiment have been met. The excellent performance of the detector has allowed the LHCb collaboration to publish a wide range of physics results, demonstrating LHCb's unique role, both as a heavy flavour experiment and as a general purpose detector in the forward region. },
	doi = {10.1142/S0217751X15300227},
	eprint = {https://doi.org/10.1142/S0217751X15300227},
	journal = {Int. J. Mod. Phys. A},
	number = {07},
	pages = {1530022},
	title = {LHCb detector performance},
	url = {https://doi.org/10.1142/S0217751X15300227},
	volume = {30},
	year = {2015},
	bdsk-url-1 = {https://doi.org/10.1142/S0217751X15300227}}


@article{lhc_machine2008,
doi = {10.1088/1748-0221/3/08/S08001},
url = {https://dx.doi.org/10.1088/1748-0221/3/08/S08001},
year = {2008},
month = {aug},
publisher = {},
volume = {3},
number = {08},
pages = {S08001},
author = {Lyndon Evans and Philip Bryant},
title = {LHC Machine},
journal = {J. Instrum.},
abstract = {The Large Hadron Collider (LHC) at CERN near Geneva is the world's newest and most powerful tool for Particle Physics research. It is designed to collide proton beams with a centre-of-mass energy of 14 TeV and an unprecedented luminosity of 1034 cm−2 s−1. It can also collide heavy (Pb) ions with an energy of 2.8 TeV per nucleon and a peak luminosity of 1027 cm−2 s−1. In this paper, the machine design is described.}
}

@article{calabrese2022_rich_run2,
   title={Performance of the LHCb RICH detectors during LHC Run 2},
   volume={17},
   ISSN={1748-0221},
   url={http://dx.doi.org/10.1088/1748-0221/17/07/P07013},
   DOI={10.1088/1748-0221/17/07/p07013},
   number={07},
   journal={J. Instrum.},
   publisher={IOP Publishing},
   author={Calabrese, R. and Fiorini, M. and Luppi, E. and Minzoni, L. and Slazyk, I. and Tomassetti, L. and Bartolini, M. and Cardinale, R. and Fontanelli, F. and Petrolini, A. and Pistone, A. and Calvi, M. and Matteuzzi, C. and Lupato, A. and Simi, G. and Kucharczyk, M. and Malecki, B. and Witek, M. and Benson, S. and Blago, M. and Cavallero, G. and Contu, A. and D’Ambrosio, C. and Frei, C. and Gys, T. and He, J. and Piedigrossi, D. and Wyllie, K. and Adinolfi, M. and Chapman, M.G. and Dalseno, J. and Harnew, S. and Maddrell-Mander, S. and Naik, P. and Prouve, C. and Rademacker, J. and Solomin, A. and Garra Ticó, J. and Gibson, V. and Jones, C.R. and Tolk, S. and Wotton, S.A. and Easo, S. and Papanestis, A. and Wilson, F. F. and Carson, L. and Eisenhardt, S. and Gambetta, S. and Gizdov, K. and Luo, H. and Morris, A. and Muheim, F. and Pappagallo, M. and Smith, I. and Webster, J. and Zonneveld, J. and Karodia, S. and Ogilvy, S. and Sail, P. and Soler, F.J.P. and Spradlin, P. and Traill, M. and Baker, S. and Clark, D. and Clark, I. and Ladhams, K. and McCann, M. and Moise, R.D. and Nardini, D. and Patel, M. and Savidge, T. and Smith, E. and Stefkova, S. and Websdale, D. and Bjorn, M. and Cheung, F. and Gao, R. and Harnew, N. and Hill, D. and Malde, S. and Nandi, A. and Topp-Jorgensen, S.},
   year={2022},
   month=jul, pages={P07013} }


@article{lhcb_upgrade_I,
	author = {LHCb collaboration},
	doi = {10.1088/1748-0221/19/05/P05065},
	journal = {J. Instrum.},
	month = {may},
	number = {05},
	pages = {P05065},
	publisher = {IOP Publishing},
	title = {The LHCb Upgrade I},
	url = {https://dx.doi.org/10.1088/1748-0221/19/05/P05065},
	volume = {19},
	year = {2024},
	bdsk-url-1 = {https://dx.doi.org/10.1088/1748-0221/19/05/P05065}
}


@misc{LHCbBKGCAT,
  author       = {{LHCb Collaboration}},
  title        = {BackgroundCategory Class Reference},
  howpublished = {\url{https://lhcb-doxygen.web.cern.ch/lhcb-doxygen/davinci/latest/df/d88/class_i_background_category.html}},
  note         = {Accessed: 2025-08-20}
}

@phdthesis{Janina,
    author = "Nicolini, Janina",
    title = "{Study of rare beauty baryon decays with the LHCb detector}",
    reportNumber = "tel-04815062, 2024UPASP049, CERN-THESIS-2024-178",
    doi = "10.17877/DE290R-24786",
    school = "Tech. U. Dortmund, Laboratoire de Physique des 2 Infinis Ir{\`e}ne Joliot-Curie, France",
    month = "5",
    year = "2024"
}

@techreport{TISTOS,
    author = "Tolk, S. and Albrecht, J. and Dettori, F. and Pellegrino, A.",
    title = "{Data driven trigger efficiency determination at LHCb}",
    reportNumber = "LHCb-PUB-2014-039, CERN-LHCb-PUB-2014-039",
    year = "2014",
    url = {https://cds.cern.ch/record/1701134}
}

@article{cms2012,
	author = {CMS Collaboration},
	doi = {https://doi.org/10.1016/j.physletb.2012.08.021},
	issn = {0370-2693},
	journal = {Phys. Lett. B},
	keywords = {CMS, Physics, Higgs},
	number = {1},
	pages = {30-61},
	title = {Observation of a new boson at a mass of 125 GeV with the CMS experiment at the LHC},
	url = {https://www.sciencedirect.com/science/article/pii/S0370269312008581},
	volume = {716},
	year = {2012},
	bdsk-url-1 = {https://www.sciencedirect.com/science/article/pii/S0370269312008581},
	bdsk-url-2 = {https://doi.org/10.1016/j.physletb.2012.08.021}
}

@article{cabibbo1963,
  title = {Unitary Symmetry and Leptonic Decays},
  author = {Cabibbo, Nicola},
  journal = {Phys. Rev. Lett.},
  volume = {10},
  issue = {12},
  pages = {531--533},
  numpages = {0},
  year = {1963},
  month = {Jun},
  publisher = {American Physical Society},
  doi = {10.1103/PhysRevLett.10.531},
  url = {https://link.aps.org/doi/10.1103/PhysRevLett.10.531}
}

@article{kobayashi1973,
    author = {Kobayashi, Makoto and Maskawa, Toshihide},
    title = {CP-Violation in the Renormalizable Theory of Weak Interaction},
    journal = {Prog. Theor. Phys.},
    volume = {49},
    number = {2},
    pages = {652-657},
    year = {1973},
    month = {02},
    abstract = {In a framework of the renormalizable theory of weak interaction, problems of CP-violation are studied. It is concluded that no realistic models of CP-violation exist in the quartet scheme without introducing any other new fields. Some possible models of CP-violation are also discussed.},
    issn = {0033-068X},
    doi = {10.1143/PTP.49.652},
    url = {https://doi.org/10.1143/PTP.49.652},
    eprint = {https://academic.oup.com/ptp/article-pdf/49/2/652/5257692/49-2-652.pdf},
}

@article{pdg2024,
  title = {Review of Particle Physics},
  author = {Navas, S. and Amsler, C. and Gutsche, T. and Hanhart, C. and Hern\'andez-Rey, J. J. and Louren\ifmmode \mbox{\c{c}}\else \c{c}\fi{}o, C. and Masoni, A. and Mikhasenko, M. and Mitchell, R. E. and Patrignani, C. and Schwanda, C. and Spanier, S. and Venanzoni, G. and Yuan, C. Z. and Agashe, K. and Aielli, G. and Allanach, B. C. and Alvarez-Mu\~niz, J. and Antonelli, M. and Aschenauer, E. C. and Asner, D. M. and Assamagan, K. and Baer, H. and Banerjee, Sw. and Barnett, R. M. and Baudis, L. and Bauer, C. W. and Beatty, J. J. and Beringer, J. and Bettini, A. and Biebel, O. and Black, K. M. and Blucher, E. and Bonventre, R. and Briere, R. A. and Buckley, A. and Burkert, V. D. and Bychkov, M. A. and Cahn, R. N. and Cao, Z. and Carena, M. and Casarosa, G. and Ceccucci, A. and Cerri, A. and Chivukula, R. S. and Cowan, G. and Cranmer, K. and Crede, V. and Cremonesi, O. and D'Ambrosio, G. and Damour, T. and de Florian, D. and de Gouv\^ea, A. and DeGrand, T. and Demers, S. and Demiragli, Z. and Dobrescu, B. A. and D'Onofrio, M. and Doser, M. and Dreiner, H. K. and Eerola, P. and Egede, U. and Eidelman, S. and El-Khadra, A. X. and Ellis, J. and Eno, S. C. and Erler, J. and Ezhela, V. V. and Fava, A. and Fetscher, W. and Fields, B. D. and Freitas, A. and Gallagher, H. and Gershon, T. and Gershtein, Y. and Gherghetta, T. and Gonzalez-Garcia, M. C. and Goodman, M. and Grab, C. and Gritsan, A. V. and Grojean, C. and Groom, D. E. and Gr\"unewald, M. and Gurtu, A. and Haber, H. E. and Hamel, M. and Hashimoto, S. and Hayato, Y. and Hebecker, A. and Heinemeyer, S. and Hikasa, K. and Hisano, J. and H\"ocker, A. and Holder, J. and Hsu, L. and Huston, J. and Hyodo, T. and Ianni, Al. and Kado, M. and Karliner, M. and Katz, U. F. and Kenzie, M. and Khoze, V. A. and Klein, S. R. and Krauss, F. and Kreps, M. and Kri\ifmmode \check{z}\else \v{z}\fi{}an, P. and Krusche, B. and Kwon, Y. and Lahav, O. and Lellouch, L. P. and Lesgourgues, J. and Liddle, A. R. and Ligeti, Z. and Lin, C.-J. and Lippmann, C. and Liss, T. M. and Lister, A. and Littenberg, L. and Lugovsky, K. S. and Lugovsky, S. B. and Lusiani, A. and Makida, Y. and Maltoni, F. and Manohar, A. V. and Marciano, W. J. and Matthews, J. and Mei\ss{}ner, U.-G. and Melzer-Pellmann, I.-A. and Mertsch, P. and Miller, D. J. and Milstead, D. and M\"onig, K. and Molaro, P. and Moortgat, F. and Moskovic, M. and Nagata, N. and Nakamura, K. and Narain, M. and Nason, P. and Nelles, A. and Neubert, M. and Nir, Y. and O'Connell, H. B. and O'Hare, C. A. J. and Olive, K. A. and Peacock, J. A. and Pianori, E. and Pich, A. and Piepke, A. and Pietropaolo, F. and Pomarol, A. and Pordes, S. and Profumo, S. and Quadt, A. and Rabbertz, K. and Rademacker, J. and Raffelt, G. and Ramsey-Musolf, M. and Richardson, P. and Ringwald, A. and Robinson, D. J. and Roesler, S. and Rolli, S. and Romaniouk, A. and Rosenberg, L. J and Rosner, J. L. and Rybka, G. and Ryskin, M. G. and Ryutin, R. A. and Safdi, B. and Sakai, Y. and Sarkar, S. and Sauli, F. and Schneider, O. and Sch\"onert, S. and Scholberg, K. and Schwartz, A. J. and Schwiening, J. and Scott, D. and Sefkow, F. and Seljak, U. and Sharma, V. and Sharpe, S. R. and Shiltsev, V. and Signorelli, G. and Silari, M. and Simon, F. and Sj\"ostrand, T. and Skands, P. and Skwarnicki, T. and Smoot, G. F. and Soffer, A. and Sozzi, M. S. and Spiering, C. and Stahl, A. and Sumino, Y. and Takahashi, F. and Tanabashi, M. and Tanaka, J. and Ta\ifmmode \check{s}\else \v{s}\fi{}evsk\'y, M. and Terao, K. and Terashi, K. and Terning, J. and Thoma, U. and Thorne, R. S. and Tiator, L. and Titov, M. and Tovey, D. R. and Trabelsi, K. and Urquijo, P. and Valencia, G. and Van de Water, R. and Varelas, N. and Verde, L. and Vivarelli, I. and Vogel, P. and Vogelsang, W. and Vorobyev, V. and Wakely, S. P. and Walkowiak, W. and Walter, C. W. and Wands, D. and Weinberg, D. H. and Weinberg, E. J. and Wermes, N. and White, M. and Wiencke, L. R. and Willocq, S. and Woody, C. L. and Workman, R. L. and Yao, W.-M. and Yokoyama, M. and Yoshida, R. and Zanderighi, G. and Zeller, G. P. and Zhu, R.-Y. and Zhu, S.-L. and Zimmermann, F. and Zyla, P. A. and Anderson, J. and Kramer, M. and Schaffner, P. and Zheng, W.},
  collaboration = {Particle Data Group Collaboration},
  journal = {Phys. Rev. D},
  volume = {110},
  issue = {3},
  pages = {030001},
  numpages = {5},
  year = {2024},
  month = {Aug},
  publisher = {American Physical Society},
  doi = {10.1103/PhysRevD.110.030001},
  url = {https://link.aps.org/doi/10.1103/PhysRevD.110.030001}
}

@article{root,
  author  = {Rene Brun and Fons Rademakers},
  title   = {ROOT -- An Object Oriented Data Analysis Framework},
  journal = {Nucl. Instrum. Methods Phys. Res. A},
  volume  = {389},
  pages   = {81--86},
  year    = {1997},
  doi     = {https://doi.org/10.1016/S0168-9002(97)00048-X}
}

@misc{ROOTsoftware,
  author       = {Rene Brun and Fons Rademakers},
  title        = {ROOT: An Object Oriented Data Analysis Framework},
  howpublished = {\url{https://root.cern/}},
  note         = {Release v6.32/02, accessed 20 August 2025}
}


@misc{roofit,
      title={The RooFit toolkit for data modeling}, 
      author={Wouter Verkerke and David Kirkby},
      year={2003},
      eprint={physics/0306116},
      archivePrefix={arXiv},
      primaryClass={physics.data-an},
      url={https://arxiv.org/abs/physics/0306116}, 
}
@software{pidgen2,
  author = {LHCb Collaboration},
  title        = {pidgen2: Tools for particle identification correction for the LHCb detector},
  url          = {https://pypi.org/project/pidgen2/},
  note         = {Accessed: 2025-08-20}
}

@ARTICLE{rubin1970,
       author = {{Rubin}, Vera C. and {Ford}, Jr., W. Kent},
        title = "{Rotation of the Andromeda Nebula from a Spectroscopic Survey of Emission Regions}",
      journal = {Astrophys. J.},
         year = 1970,
        month = feb,
       volume = {159},
        pages = {379},
          doi = {10.1086/150317},
       adsurl = {https://ui.adsabs.harvard.edu/abs/1970ApJ...159..379R},
      adsnote = {Provided by the SAO/NASA Astrophysics Data System}
}

@article{neutrino_osc,
  title = {Evidence for Oscillation of Atmospheric Neutrinos},
  author = {Fukuda, Y. and Hayakawa, T. and Ichihara, E. and Inoue, K. and Ishihara, K. and Ishino, H. and Itow, Y. and Kajita, T. and Kameda, J. and Kasuga, S. and Kobayashi, K. and Kobayashi, Y. and Koshio, Y. and Miura, M. and Nakahata, M. and Nakayama, S. and Okada, A. and Okumura, K. and Sakurai, N. and Shiozawa, M. and Suzuki, Y. and Takeuchi, Y. and Totsuka, Y. and Yamada, S. and Earl, M. and Habig, A. and Kearns, E. and Messier, M. D. and Scholberg, K. and Stone, J. L. and Sulak, L. R. and Walter, C. W. and Goldhaber, M. and Barszczxak, T. and Casper, D. and Gajewski, W. and Halverson, P. G. and Hsu, J. and Kropp, W. R. and Price, L. R. and Reines, F. and Smy, M. and Sobel, H. W. and Vagins, M. R. and Ganezer, K. S. and Keig, W. E. and Ellsworth, R. W. and Tasaka, S. and Flanagan, J. W. and Kibayashi, A. and Learned, J. G. and Matsuno, S. and Stenger, V. J. and Takemori, D. and Ishii, T. and Kanzaki, J. and Kobayashi, T. and Mine, S. and Nakamura, K. and Nishikawa, K. and Oyama, Y. and Sakai, A. and Sakuda, M. and Sasaki, O. and Echigo, S. and Kohama, M. and Suzuki, A. T. and Haines, T. J. and Blaufuss, E. and Kim, B. K. and Sanford, R. and Svoboda, R. and Chen, M. L. and Conner, Z. and Goodman, J. A. and Sullivan, G. W. and Hill, J. and Jung, C. K. and Martens, K. and Mauger, C. and McGrew, C. and Sharkey, E. and Viren, B. and Yanagisawa, C. and Doki, W. and Miyano, K. and Okazawa, H. and Saji, C. and Takahata, M. and Nagashima, Y. and Takita, M. and Yamaguchi, T. and Yoshida, M. and Kim, S. B. and Etoh, M. and Fujita, K. and Hasegawa, A. and Hasegawa, T. and Hatakeyama, S. and Iwamoto, T. and Koga, M. and Maruyama, T. and Ogawa, H. and Shirai, J. and Suzuki, A. and Tsushima, F. and Koshiba, M. and Nemoto, M. and Nishijima, K. and Futagami, T. and Hayato, Y. and Kanaya, Y. and Kaneyuki, K. and Watanabe, Y. and Kielczewska, D. and Doyle, R. A. and George, J. S. and Stachyra, A. L. and Wai, L. L. and Wilkes, R. J. and Young, K. K.},
  collaboration = {Super-Kamiokande Collaboration},
  journal = {Phys. Rev. Lett.},
  volume = {81},
  issue = {8},
  pages = {1562--1567},
  numpages = {0},
  year = {1998},
  month = {Aug},
  publisher = {American Physical Society},
  doi = {10.1103/PhysRevLett.81.1562},
  url = {https://link.aps.org/doi/10.1103/PhysRevLett.81.1562}
}

@article{pentaquarks,
  title = {Observation of $J/\ensuremath{\psi}p$ Resonances Consistent with Pentaquark States in ${\ensuremath{\Lambda}}_{b}^{0}\ensuremath{\rightarrow}J/\ensuremath{\psi}{K}^{\ensuremath{-}}p$ Decays},
  author = {Aaij, R. and Adeva, B. and Adinolfi, M. and Affolder, A. and Ajaltouni, Z. and Akar, S. and Albrecht, J. and Alessio, F. and Alexander, M. and Ali, S. and Alkhazov, G. and Alvarez Cartelle, P. and Alves, A. A. and Amato, S. and Amerio, S. and Amhis, Y. and An, L. and Anderlini, L. and Anderson, J. and Andreassi, G. and Andreotti, M. and Andrews, J. E. and Appleby, R. B. and Aquines Gutierrez, O. and Archilli, F. and d'Argent, P. and Artamonov, A. and Artuso, M. and Aslanides, E. and Auriemma, G. and Baalouch, M. and Bachmann, S. and Back, J. J. and Badalov, A. and Baesso, C. and Baldini, W. and Barlow, R. J. and Barschel, C. and Barsuk, S. and Barter, W. and Batozskaya, V. and Battista, V. and Bay, A. and Beaucourt, L. and Beddow, J. and Bedeschi, F. and Bediaga, I. and Bel, L. J. and Bellee, V. and Belloli, N. and Belyaev, I. and Ben-Haim, E. and Bencivenni, G. and Benson, S. and Benton, J. and Berezhnoy, A. and Bernet, R. and Bertolin, A. and Bettler, M.-O. and van Beuzekom, M. and Bien, A. and Bifani, S. and Billoir, P. and Bird, T. and Birnkraut, A. and Bizzeti, A. and Blake, T. and Blanc, F. and Blouw, J. and Blusk, S. and Bocci, V. and Bondar, A. and Bondar, N. and Bonivento, W. and Borghi, S. and Borsato, M. and Bowcock, T. J. V. and Bowen, E. and Bozzi, C. and Braun, S. and Britsch, M. and Britton, T. and Brodzicka, J. and Brook, N. H. and Bursche, A. and Buytaert, J. and Cadeddu, S. and Calabrese, R. and Calvi, M. and Calvo Gomez, M. and Campana, P. and Campora Perez, D. and Capriotti, L. and Carbone, A. and Carboni, G. and Cardinale, R. and Cardini, A. and Carniti, P. and Carson, L. and Carvalho Akiba, K. and Casse, G. and Cassina, L. and Castillo Garcia, L. and Cattaneo, M. and Cauet, Ch. and Cavallero, G. and Cenci, R. and Charles, M. and Charpentier, Ph. and Chefdeville, M. and Chen, S. and Cheung, S.-F. and Chiapolini, N. and Chrzaszcz, M. and Cid Vidal, X. and Ciezarek, G. and Clarke, P. E. L. and Clemencic, M. and Cliff, H. V. and Closier, J. and Coco, V. and Cogan, J. and Cogneras, E. and Cogoni, V. and Cojocariu, L. and Collazuol, G. and Collins, P. and Comerma-Montells, A. and Contu, A. and Cook, A. and Coombes, M. and Coquereau, S. and Corti, G. and Corvo, M. and Couturier, B. and Cowan, G. A. and Craik, D. C. and Crocombe, A. and Cruz Torres, M. and Cunliffe, S. and Currie, R. and D'Ambrosio, C. and Dall'Occo, E. and Dalseno, J. and David, P. N. Y. and Davis, A. and De Bruyn, K. and De Capua, S. and De Cian, M. and De Miranda, J. M. and De Paula, L. and De Simone, P. and Dean, C.-T. and Decamp, D. and Deckenhoff, M. and Del Buono, L. and D\'el\'eage, N. and Demmer, M. and Derkach, D. and Deschamps, O. and Dettori, F. and Dey, B. and Di Canto, A. and Di Ruscio, F. and Dijkstra, H. and Donleavy, S. and Dordei, F. and Dorigo, M. and Dosil Su\'arez, A. and Dossett, D. and Dovbnya, A. and Dreimanis, K. and Dufour, L. and Dujany, G. and Dupertuis, F. and Durante, P. and Dzhelyadin, R. and Dziurda, A. and Dzyuba, A. and Easo, S. and Egede, U. and Egorychev, V. and Eidelman, S. and Eisenhardt, S. and Eitschberger, U. and Ekelhof, R. and Eklund, L. and El Rifai, I. and Elsasser, Ch. and Ely, S. and Esen, S. and Evans, H. M. and Evans, T. and Falabella, A. and F\"arber, C. and Farley, N. and Farry, S. and Fay, R. and Ferguson, D. and Fernandez Albor, V. and Ferrari, F. and Ferreira Rodrigues, F. and Ferro-Luzzi, M. and Filippov, S. and Fiore, M. and Fiorini, M. and Firlej, M. and Fitzpatrick, C. and Fiutowski, T. and Fohl, K. and Fol, P. and Fontana, M. and Fontanelli, F. and Forty, R. and Francisco, O. and Frank, M. and Frei, C. and Frosini, M. and Fu, J. and Furfaro, E. and Gallas Torreira, A. and Galli, D. and Gallorini, S. and Gambetta, S. and Gandelman, M. and Gandini, P. and Gao, Y. and Garc\'{\i}a Pardi\~nas, J. and Garra Tico, J. and Garrido, L. and Gascon, D. and Gaspar, C. and Gauld, R. and Gavardi, L. and Gazzoni, G. and Geraci, A. and Gerick, D. and Gersabeck, E. and Gersabeck, M. and Gershon, T. and Ghez, Ph. and Gianelle, A. and Gian\`{\i}, S. and Gibson, V. and Girard, O. G. and Giubega, L. and Gligorov, V. V. and G\"obel, C. and Golubkov, D. and Golutvin, A. and Gomes, A. and Gotti, C. and Grabalosa G\'andara, M. and Graciani Diaz, R. and Granado Cardoso, L. A. and Graug\'es, E. and Graverini, E. and Graziani, G. and Grecu, A. and Greening, E. and Gregson, S. and Griffith, P. and Grillo, L. and Gr\"unberg, O. and Gui, B. and Gushchin, E. and Guz, Yu. and Gys, T. and Hadavizadeh, T. and Hadjivasiliou, C. and Haefeli, G. and Haen, C. and Haines, S. C. and Hall, S. and Hamilton, B. and Han, X. and Hansmann-Menzemer, S. and Harnew, N. and Harnew, S. T. and Harrison, J. and He, J. and Head, T. and Heijne, V. and Hennessy, K. and Henrard, P. and Henry, L. and Hernando Morata, J. A. and van Herwijnen, E. and He\ss{}, M. and Hicheur, A. and Hill, D. and Hoballah, M. and Hombach, C. and Hulsbergen, W. and Humair, T. and Hussain, N. and Hutchcroft, D. and Hynds, D. and Idzik, M. and Ilten, P. and Jacobsson, R. and Jaeger, A. and Jalocha, J. and Jans, E. and Jawahery, A. and Jing, F. and John, M. and Johnson, D. and Jones, C. R. and Joram, C. and Jost, B. and Jurik, N. and Kandybei, S. and Kanso, W. and Karacson, M. and Karbach, T. M. and Karodia, S. and Kecke, M. and Kelsey, M. and Kenyon, I. R. and Kenzie, M. and Ketel, T. and Khanji, B. and Khurewathanakul, C. and Klaver, S. and Klimaszewski, K. and Kochebina, O. and Kolpin, M. and Komarov, I. and Koopman, R. F. and Koppenburg, P. and Kozeiha, M. and Kravchuk, L. and Kreplin, K. and Kreps, M. and Krocker, G. and Krokovny, P. and Kruse, F. and Krzemien, W. and Kucewicz, W. and Kucharczyk, M. and Kudryavtsev, V. and Kuonen, A. K. and Kurek, K. and Kvaratskheliya, T. and Lacarrere, D. and Lafferty, G. and Lai, A. and Lambert, D. and Lanfranchi, G. and Langenbruch, C. and Langhans, B. and Latham, T. and Lazzeroni, C. and Le Gac, R. and van Leerdam, J. and Lees, J.-P. and Lef\`evre, R. and Leflat, A. and Lefran\ifmmode \mbox{\c{c}}\else \c{c}\fi{}ois, J. and Leroy, O. and Lesiak, T. and Leverington, B. and Li, Y. and Likhomanenko, T. and Liles, M. and Lindner, R. and Linn, C. and Lionetto, F. and Liu, B. and Liu, X. and Loh, D. and Longstaff, I. and Lopes, J. H. and Lucchesi, D. and Lucio Martinez, M. and Luo, H. and Lupato, A. and Luppi, E. and Lupton, O. and Lusardi, N. and Lusiani, A. and Machefert, F. and Maciuc, F. and Maev, O. and Maguire, K. and Malde, S. and Malinin, A. and Manca, G. and Mancinelli, G. and Manning, P. and Mapelli, A. and Maratas, J. and Marchand, J. F. and Marconi, U. and Marin Benito, C. and Marino, P. and Marks, J. and Martellotti, G. and Martin, M. and Martinelli, M. and Martinez Santos, D. and Martinez Vidal, F. and Martins Tostes, D. and Massafferri, A. and Matev, R. and Mathad, A. and Mathe, Z. and Matteuzzi, C. and Mauri, A. and Maurin, B. and Mazurov, A. and McCann, M. and McCarthy, J. and McNab, A. and McNulty, R. and Meadows, B. and Meier, F. and Meissner, M. and Melnychuk, D. and Merk, M. and Milanes, D. A. and Minard, M.-N. and Mitzel, D. S. and Molina Rodriguez, J. and Monroy, I. A. and Monteil, S. and Morandin, M. and Morawski, P. and Mord\`a, A. and Morello, M. J. and Moron, J. and Morris, A. B. and Mountain, R. and Muheim, F. and M\"uller, J. and M\"uller, K. and M\"uller, V. and Mussini, M. and Muster, B. and Naik, P. and Nakada, T. and Nandakumar, R. and Nandi, A. and Nasteva, I. and Needham, M. and Neri, N. and Neubert, S. and Neufeld, N. and Neuner, M. and Nguyen, A. D. and Nguyen, T. D. and Nguyen-Mau, C. and Niess, V. and Niet, R. and Nikitin, N. and Nikodem, T. and Ninci, D. and Novoselov, A. and O'Hanlon, D. P. and Oblakowska-Mucha, A. and Obraztsov, V. and Ogilvy, S. and Okhrimenko, O. and Oldeman, R. and Onderwater, C. J. G. and Osorio Rodrigues, B. and Otalora Goicochea, J. M. and Otto, A. and Owen, P. and Oyanguren, A. and Palano, A. and Palombo, F. and Palutan, M. and Panman, J. and Papanestis, A. and Pappagallo, M. and Pappalardo, L. L. and Pappenheimer, C. and Parkes, C. and Passaleva, G. and Patel, G. D. and Patel, M. and Patrignani, C. and Pearce, A. and Pellegrino, A. and Penso, G. and Pepe Altarelli, M. and Perazzini, S. and Perret, P. and Pescatore, L. and Petridis, K. and Petrolini, A. and Petruzzo, M. and Picatoste Olloqui, E. and Pietrzyk, B. and Pila\ifmmode \check{r}\else \v{r}\fi{}, T. and Pinci, D. and Pistone, A. and Piucci, A. and Playfer, S. and Plo Casasus, M. and Poikela, T. and Polci, F. and Poluektov, A. and Polyakov, I. and Polycarpo, E. and Popov, A. and Popov, D. and Popovici, B. and Potterat, C. and Price, E. and Price, J. D. and Prisciandaro, J. and Pritchard, A. and Prouve, C. and Pugatch, V. and Puig Navarro, A. and Punzi, G. and Qian, W. and Quagliani, R. and Rachwal, B. and Rademacker, J. H. and Rama, M. and Rangel, M. S. and Raniuk, I. and Rauschmayr, N. and Raven, G. and Redi, F. and Reichert, S. and Reid, M. M. and dos Reis, A. C. and Ricciardi, S. and Richards, S. and Rihl, M. and Rinnert, K. and Rives Molina, V. and Robbe, P. and Rodrigues, A. B. and Rodrigues, E. and Rodriguez Lopez, J. A. and Rodriguez Perez, P. and Roiser, S. and Romanovsky, V. and Romero Vidal, A. and Ronayne, J. W. and Rotondo, M. and Rouvinet, J. and Ruf, T. and Ruiz Valls, P. and Saborido Silva, J. J. and Sagidova, N. and Sail, P. and Saitta, B. and Salustino Guimaraes, V. and Sanchez Mayordomo, C. and Sanmartin Sedes, B. and Santacesaria, R. and Santamarina Rios, C. and Santimaria, M. and Santovetti, E. and Sarti, A. and Satriano, C. and Satta, A. and Saunders, D. M. and Savrina, D. and Schiller, M. and Schindler, H. and Schlupp, M. and Schmelling, M. and Schmelzer, T. and Schmidt, B. and Schneider, O. and Schopper, A. and Schubiger, M. and Schune, M.-H. and Schwemmer, R. and Sciascia, B. and Sciubba, A. and Semennikov, A. and Serra, N. and Serrano, J. and Sestini, L. and Seyfert, P. and Shapkin, M. and Shapoval, I. and Shcheglov, Y. and Shears, T. and Shekhtman, L. and Shevchenko, V. and Shires, A. and Siddi, B. G. and Silva Coutinho, R. and Simi, G. and Sirendi, M. and Skidmore, N. and Skillicorn, I. and Skwarnicki, T. and Smith, E. and Smith, E. and Smith, I. T. and Smith, J. and Smith, M. and Snoek, H. and Sokoloff, M. D. and Soler, F. J. P. and Soomro, F. and Souza, D. and Souza De Paula, B. and Spaan, B. and Spradlin, P. and Sridharan, S. and Stagni, F. and Stahl, M. and Stahl, S. and Stefkova, S. and Steinkamp, O. and Stenyakin, O. and Stevenson, S. and Stoica, S. and Stone, S. and Storaci, B. and Stracka, S. and Straticiuc, M. and Straumann, U. and Sun, L. and Sutcliffe, W. and Swientek, K. and Swientek, S. and Syropoulos, V. and Szczekowski, M. and Szczypka, P. and Szumlak, T. and T'Jampens, S. and Tayduganov, A. and Tekampe, T. and Teklishyn, M. and Tellarini, G. and Teubert, F. and Thomas, C. and Thomas, E. and van Tilburg, J. and Tisserand, V. and Tobin, M. and Todd, J. and Tolk, S. and Tomassetti, L. and Tonelli, D. and Topp-Joergensen, S. and Torr, N. and Tournefier, E. and Tourneur, S. and Trabelsi, K. and Tran, M. T. and Tresch, M. and Trisovic, A. and Tsaregorodtsev, A. and Tsopelas, P. and Tuning, N. and Ukleja, A. and Ustyuzhanin, A. and Uwer, U. and Vacca, C. and Vagnoni, V. and Valenti, G. and Vallier, A. and Vazquez Gomez, R. and Vazquez Regueiro, P. and V\'azquez Sierra, C. and Vecchi, S. and Velthuis, J. J. and Veltri, M. and Veneziano, G. and Vesterinen, M. and Viaud, B. and Vieira, D. and Vieites Diaz, M. and Vilasis-Cardona, X. and Vollhardt, A. and Volyanskyy, D. and Voong, D. and Vorobyev, A. and Vorobyev, V. and Vo\ss{}, C. and de Vries, J. A. and Waldi, R. and Wallace, C. and Wallace, R. and Walsh, J. and Wandernoth, S. and Wang, J. and Ward, D. R. and Watson, N. K. and Websdale, D. and Weiden, A. and Whitehead, M. and Wilkinson, G. and Wilkinson, M. and Williams, M. and Williams, M. P. and Williams, M. and Williams, T. and Wilson, F. F. and Wimberley, J. and Wishahi, J. and Wislicki, W. and Witek, M. and Wormser, G. and Wotton, S. A. and Wright, S. and Wyllie, K. and Xie, Y. and Xu, Z. and Yang, Z. and Yu, J. and Yuan, X. and Yushchenko, O. and Zangoli, M. and Zavertyaev, M. and Zhang, L. and Zhang, Y. and Zhelezov, A. and Zhokhov, A. and Zhong, L. and Zucchelli, S.},
  collaboration = {LHCb Collaboration},
  journal = {Phys. Rev. Lett.},
  volume = {115},
  issue = {7},
  pages = {072001},
  numpages = {15},
  year = {2015},
  month = {Aug},
  publisher = {American Physical Society},
  doi = {10.1103/PhysRevLett.115.072001},
  url = {https://link.aps.org/doi/10.1103/PhysRevLett.115.072001}
}

@article{tetraquarks,
  title = {Observation of a Charged Charmoniumlike Structure in ${e}^{\mathbf{+}}{e}^{\mathbf{\ensuremath{-}}}\ensuremath{\rightarrow}{\ensuremath{\pi}}^{\mathbf{+}}{\ensuremath{\pi}}^{\mathbf{\ensuremath{-}}}J/\ensuremath{\psi}$ at $\sqrt{s}\mathbf{=}4.26\text{ }\text{ }\mathrm{GeV}$},
  author = {Ablikim, M. and Achasov, M. N. and Ai, X. C. and Albayrak, O. and Ambrose, D. J. and An, F. F. and An, Q. and Bai, J. Z. and Baldini Ferroli, R. and Ban, Y. and Becker, J. and Bennett, J. V. and Bertani, M. and Bian, J. M. and Boger, E. and Bondarenko, O. and Boyko, I. and Briere, R. A. and Bytev, V. and Cai, H. and Cai, X. and Cakir, O. and Calcaterra, A. and Cao, G. F. and Cetin, S. A. and Chang, J. F. and Chelkov, G. and Chen, G. and Chen, H. S. and Chen, J. C. and Chen, M. L. and Chen, S. J. and Chen, X. and Chen, Y. B. and Cheng, H. P. and Chu, Y. P. and Cronin-Hennessy, D. and Dai, H. L. and Dai, J. P. and Dedovich, D. and Deng, Z. Y. and Denig, A. and Denysenko, I. and Destefanis, M. and Ding, W. M. and Ding, Y. and Dong, L. Y. and Dong, M. Y. and Du, S. X. and Fang, J. and Fang, S. S. and Fava, L. and Feng, C. Q. and Friedel, P. and Fu, C. D. and Fu, J. L. and Fuks, O. and Gao, Q. and Gao, Y. and Geng, C. and Goetzen, K. and Gong, W. X. and Gradl, W. and Greco, M. and Gu, M. H. and Gu, Y. T. and Guan, Y. H. and Guo, A. Q. and Guo, L. B. and Guo, T. and Guo, Y. P. and Han, Y. L. and Harris, F. A. and He, K. L. and He, M. and He, Z. Y. and Held, T. and Heng, Y. K. and Hou, Z. L. and Hu, C. and Hu, H. M. and Hu, J. F. and Hu, T. and Huang, G. M. and Huang, G. S. and Huang, J. S. and Huang, L. and Huang, X. T. and Huang, Y. and Huang, Y. P. and Hussain, T. and Ji, C. S. and Ji, Q. and Ji, Q. P. and Ji, X. B. and Ji, X. L. and Jiang, L. L. and Jiang, X. S. and Jiao, J. B. and Jiao, Z. and Jin, D. P. and Jin, S. and Jing, F. F. and Kalantar-Nayestanaki, N. and Kavatsyuk, M. and Kopf, B. and Kornicer, M. and K\"uhn, W. and Lai, W. and Lange, J. S. and Lara, M. and Larin, P. and Leyhe, M. and Li, C. H. and Li, Cheng and Li, Cui and Li, D. M. and Li, F. and Li, G. and Li, H. B. and Li, J. C. and Li, K. and Li, Lei and Li, Q. J. and Li, S. L. and Li, W. D. and Li, W. G. and Li, X. L. and Li, X. N. and Li, X. Q. and Li, X. R. and Li, Z. B. and Liang, H. and Liang, Y. F. and Liang, Y. T. and Liao, G. R. and Liao, X. T. and Lin, D. and Liu, B. J. and Liu, C. L. and Liu, C. X. and Liu, F. H. and Liu, Fang and Liu, Feng and Liu, H. and Liu, H. B. and Liu, H. H. and Liu, H. M. and Liu, H. W. and Liu, J. P. and Liu, K. and Liu, K. Y. and Liu, Kai and Liu, P. L. and Liu, Q. and Liu, S. B. and Liu, X. and Liu, Y. B. and Liu, Z. A. and Liu, Zhiqiang and Liu, Zhiqing and Loehner, H. and Lou, X. C. and Lu, G. R. and Lu, H. J. and Lu, J. G. and Lu, Q. W. and Lu, X. R. and Lu, Y. P. and Luo, C. L. and Luo, M. X. and Luo, T. and Luo, X. L. and Lv, M. and Ma, C. L. and Ma, F. C. and Ma, H. L. and Ma, Q. M. and Ma, S. and Ma, T. and Ma, X. Y. and Maas, F. E. and Maggiora, M. and Malik, Q. A. and Mao, Y. J. and Mao, Z. P. and Messchendorp, J. G. and Min, J. and Min, T. J. and Mitchell, R. E. and Mo, X. H. and Mo, Y. J. and Moeini, H. and Morales Morales, C. and Moriya, K. and Muchnoi, N. Yu. and Muramatsu, H. and Nefedov, Y. and Nicholson, C. and Nikolaev, I. B. and Ning, Z. and Olsen, S. L. and Ouyang, Q. and Pacetti, S. and Park, J. W. and Pelizaeus, M. and Peng, H. P. and Peters, K. and Ping, J. L. and Ping, R. G. and Poling, R. and Prencipe, E. and Qi, M. and Qian, S. and Qiao, C. F. and Qin, L. Q. and Qin, X. S. and Qin, Y. and Qin, Z. H. and Qiu, J. F. and Rashid, K. H. and Rong, G. and Ruan, X. D. and Sarantsev, A. and Schaefer, B. D. and Shao, M. and Shen, C. P. and Shen, X. Y. and Sheng, H. Y. and Shepherd, M. R. and Song, W. M. and Song, X. Y. and Spataro, S. and Spruck, B. and Sun, D. H. and Sun, G. X. and Sun, J. F. and Sun, S. S. and Sun, Y. J. and Sun, Y. Z. and Sun, Z. J. and Sun, Z. T. and Tang, C. J. and Tang, X. and Tapan, I. and Thorndike, E. H. and Toth, D. and Ullrich, M. and Uman, I. and Varner, G. S. and Wang, B. Q. and Wang, D. and Wang, D. Y. and Wang, K. and Wang, L. L. and Wang, L. S. and Wang, M. and Wang, P. and Wang, P. L. and Wang, Q. J. and Wang, S. G. and Wang, X. F. and Wang, X. L. and Wang, Y. D. and Wang, Y. F. and Wang, Y. Q. and Wang, Z. and Wang, Z. G. and Wang, Z. Y. and Wei, D. H. and Wei, J. B. and Weidenkaff, P. and Wen, Q. G. and Wen, S. P. and Werner, M. and Wiedner, U. and Wu, L. H. and Wu, N. and Wu, S. X. and Wu, W. and Wu, Z. and Xia, L. G. and Xia, Y. X. and Xiao, Z. J. and Xie, Y. G. and Xiu, Q. L. and Xu, G. F. and Xu, G. M. and Xu, Q. J. and Xu, Q. N. and Xu, X. P. and Xu, Z. R. and Xue, F. and Xue, Z. and Yan, L. and Yan, W. B. and Yan, Y. H. and Yang, H. X. and Yang, Y. and Yang, Y. X. and Ye, H. and Ye, M. and Ye, M. H. and Yu, B. X. and Yu, C. X. and Yu, H. W. and Yu, J. S. and Yu, S. P. and Yuan, C. Z. and Yuan, Y. and Zafar, A. A. and Zallo, A. and Zang, S. L. and Zeng, Y. and Zhang, B. X. and Zhang, B. Y. and Zhang, C. and Zhang, C. C. and Zhang, D. H. and Zhang, H. H. and Zhang, H. Y. and Zhang, J. Q. and Zhang, J. W. and Zhang, J. Y. and Zhang, J. Z. and Zhang, LiLi and Zhang, R. and Zhang, S. H. and Zhang, X. J. and Zhang, X. Y. and Zhang, Y. and Zhang, Y. H. and Zhang, Z. P. and Zhang, Z. Y. and Zhang, Zhenghao and Zhao, G. and Zhao, H. S. and Zhao, J. W. and Zhao, K. X. and Zhao, Lei and Zhao, Ling and Zhao, M. G. and Zhao, Q. and Zhao, S. J. and Zhao, T. C. and Zhao, X. H. and Zhao, Y. B. and Zhao, Z. G. and Zhemchugov, A. and Zheng, B. and Zheng, J. P. and Zheng, Y. H. and Zhong, B. and Zhou, L. and Zhou, X. and Zhou, X. K. and Zhou, X. R. and Zhu, C. and Zhu, K. and Zhu, K. J. and Zhu, S. H. and Zhu, X. L. and Zhu, Y. C. and Zhu, Y. M. and Zhu, Y. S. and Zhu, Z. A. and Zhuang, J. and Zou, B. S. and Zou, J. H.},
  collaboration = {BESIII Collaboration},
  journal = {Phys. Rev. Lett.},
  volume = {110},
  issue = {25},
  pages = {252001},
  numpages = {7},
  year = {2013},
  month = {Jun},
  publisher = {American Physical Society},
  doi = {10.1103/PhysRevLett.110.252001},
  url = {https://link.aps.org/doi/10.1103/PhysRevLett.110.252001}
}

@misc{punzi,
      title={Sensitivity of searches for new signals and its optimization}, 
      author={Giovanni Punzi},
      year={2003},
      eprint={physics/0308063},
      archivePrefix={arXiv},
      primaryClass={physics.data-an},
      url={https://arxiv.org/abs/physics/0308063}, 
}

@article{b-anomalies_1,
  title = {Measurement of the Differential Branching Fraction and Forward-Backward Asymmetry for $B\ensuremath{\rightarrow}{K}^{(*)}{l}^{+}{l}^{\ensuremath{-}}$},
  author = {Wei, J.-T. and Chang, P. and Adachi, I. and Aihara, H. and Aulchenko, V. and Aushev, T. and Bakich, A. M. and Balagura, V. and Barberio, E. and Bondar, A. and Bozek, A. and Bra\ifmmode \check{c}\else \v{c}\fi{}ko, M. and Browder, T. E. and Chang, Y.-W. and Chao, Y. and Chen, A. and Chen, K.-F. and Cheon, B. G. and Chiang, C.-C. and Cho, I.-S. and Choi, Y. and Dalseno, J. and Drutskoy, A. and Dungel, W. and Eidelman, S. and Gabyshev, N. and Goldenzweig, P. and Golob, B. and Ha, H. and Han, B.-Y. and Hayasaka, K. and Hayashii, H. and Hazumi, M. and Horii, Y. and Hoshi, Y. and Hou, W.-S. and Hyun, H. J. and Iijima, T. and Inami, K. and Itoh, R. and Iwasaki, M. and Iwasaki, Y. and Kah, D. H. and Kaji, H. and Kang, J. H. and Kapusta, P. and Katayama, N. and Kawasaki, T. and Kichimi, H. and Kim, H. J. and Kim, H. O. and Kim, S. K. and Kim, Y. I. and Kim, Y. J. and Kinoshita, K. and Ko, B. R. and Korpar, S. and Kri\ifmmode \check{z}\else \v{z}\fi{}an, P. and Krokovny, P. and Kuzmin, A. and Kwon, Y.-J. and Kyeong, S.-H. and Lange, J. S. and Lee, M. J. and Lee, S. E. and Lesiak, T. and Li, J. and Limosani, A. and Liu, C. and Liventsev, D. and Louvot, R. and Mandl, F. and Matyja, A. and McOnie, S. and Medvedeva, T. and Miyabayashi, K. and Miyata, H. and Miyazaki, Y. and Mizuk, R. and Nakano, E. and Nakao, M. and Nakazawa, H. and Natkaniec, Z. and Nishida, S. and Nishimura, K. and Nitoh, O. and Nozaki, T. and Ogawa, S. and Ohshima, T. and Okuno, S. and Ozaki, H. and Pakhlova, G. and Park, C. W. and Park, H. and Park, H. K. and Park, K. S. and Piilonen, L. E. and Rozanska, M. and Sahoo, H. and Sakai, K. and Sakai, Y. and Schneider, O. and Schwanda, C. and Schwartz, A. J. and Seidl, R. and Sekiya, A. and Senyo, K. and Sevior, M. E. and Shapkin, M. and Shen, C. P. and Shiu, J.-G. and Shwartz, B. and Stani\ifmmode \check{c}\else \v{c}\fi{}, S. and Stari\ifmmode \check{c}\else \v{c}\fi{}, M. and Sumiyoshi, T. and Suzuki, S. and Tanaka, M. and Taylor, G. N. and Teramoto, Y. and Trabelsi, K. and Uehara, S. and Uglov, T. and Unno, Y. and Uno, S. and Urquijo, P. and Usov, Y. and Varner, G. and Varvell, K. E. and Vervink, K. and Wang, C. C. and Wang, C. H. and Wang, M.-Z. and Wang, P. and Wang, X. L. and Watanabe, Y. and Wedd, R. and Wicht, J. and Won, E. and Yabsley, B. D. and Yamashita, Y. and Yamauchi, M. and Yuan, C. Z. and Zhang, Z. P. and Zivko, T. and Zupanc, A. and Zyukova, O.},
  collaboration = {Belle Collaboration},
  journal = {Phys. Rev. Lett.},
  volume = {103},
  issue = {17},
  pages = {171801},
  numpages = {6},
  year = {2009},
  month = {Oct},
  publisher = {American Physical Society},
  doi = {10.1103/PhysRevLett.103.171801},
  url = {https://link.aps.org/doi/10.1103/PhysRevLett.103.171801}
}

@article{b-anomalies_2,
	abstract = {The angular distribution of the dimuon system of the decays.},
	author = {Aaij, R. and Adeva, B. and Adinolfi, M. and Affolder, A. and Ajaltouni, Z. and Akar, S. and Albrecht, J. and Alessio, F. and Alexander, M. and Ali, S. and Alkhazov, G. and Alvarez Cartelle, P. and Alves, A. A. and Amato, S. and Amerio, S. and Amhis, Y. and An, L. and Anderlini, L. and Anderson, J. and Andreotti, M. and Andrews, J. E. and Appleby, R. B. and Aquines Gutierrez, O. and Archilli, F. and Artamonov, A. and Artuso, M. and Aslanides, E. and Auriemma, G. and Baalouch, M. and Bachmann, S. and Back, J. J. and Badalov, A. and Baesso, C. and Baldini, W. and Barlow, R. J. and Barschel, C. and Barsuk, S. and Barter, W. and Batozskaya, V. and Battista, V. and Bay, A. and Beaucourt, L. and Beddow, J. and Bedeschi, F. and Bediaga, I. and Bel, L. J. and Belyaev, I. and Ben-Haim, E. and Bencivenni, G. and Benson, S. and Benton, J. and Berezhnoy, A. and Bernet, R. and Bertolin, A. and Bettler, M. -O. and van Beuzekom, M. and Bien, A. and Bifani, S. and Bird, T. and Bizzeti, A. and Blake, T. and Blanc, F. and Blouw, J. and Blusk, S. and Bocci, V. and Bondar, A. and Bondar, N. and Bonivento, W. and Borghi, S. and Borsato, M. and Bowcock, T. J. V. and Bowen, E. and Bozzi, C. and Braun, S. and Brett, D. and Britsch, M. and Britton, T. and Brodzicka, J. and Brook, N. H. and Bursche, A. and Buytaert, J. and Cadeddu, S. and Calabrese, R. and Calvi, M. and Calvo Gomez, M. and Campana, P. and Campora Perez, D. and Capriotti, L. and Carbone, A. and Carboni, G. and Cardinale, R. and Cardini, A. and Carniti, P. and Carson, L. and Carvalho Akiba, K. and Casanova Mohr, R. and Casse, G. and Cassina, L. and Castillo Garcia, L. and Cattaneo, M. and Cauet, Ch. and Cavallero, G. and Cenci, R. and Charles, M. and Charpentier, Ph. and Chefdeville, M. and Chen, S. and Cheung, S. -F. and Chiapolini, N. and Chrzaszcz, M. and Cid Vidal, X. and Ciezarek, G. and Clarke, P. E. L. and Clemencic, M. and Cliff, H. V. and Closier, J. and Coco, V. and Cogan, J. and Cogneras, E. and Cogoni, V. and Cojocariu, L. and Collazuol, G. and Collins, P. and Comerma-Montells, A. and Contu, A. and Cook, A. and Coombes, M. and Coquereau, S. and Corti, G. and Corvo, M. and Counts, I. and Couturier, B. and Cowan, G. A. and Craik, D. C. and Crocombe, A. C. and Cruz Torres, M. and Cunliffe, S. and Currie, R. and D'Ambrosio, C. and Dalseno, J. and David, P. N. Y. and Davis, A. and De Bruyn, K. and De Capua, S. and De Cian, M. and De Miranda, J. M. and De Paula, L. and De Silva, W. and De Simone, P. and Dean, C. -T. and Decamp, D. and Deckenhoff, M. and Del Buono, L. and D{\'e}l{\'e}age, N. and Derkach, D. and Deschamps, O. and Dettori, F. and Dey, B. and Di Canto, A. and Di Ruscio, F. and Dijkstra, H. and Donleavy, S. and Dordei, F. and Dorigo, M. and Dosil Su{\'a}rez, A. and Dossett, D. and Dovbnya, A. and Dreimanis, K. and Dujany, G. and Dupertuis, F. and Durante, P. and Dzhelyadin, R. and Dziurda, A. and Dzyuba, A. and Easo, S. and Egede, U. and Egorychev, V. and Eidelman, S. and Eisenhardt, S. and Eitschberger, U. and Ekelhof, R. and Eklund, L. and El Rifai, I. and Elsasser, Ch. and Ely, S. and Esen, S. and Evans, H. M. and Evans, T. and Falabella, A. and F{\"a}rber, C. and Farinelli, C. and Farley, N. and Farry, S. and Fay, R. and Ferguson, D. and Fernandez Albor, V. and Ferrari, F. and Ferreira Rodrigues, F. and Ferro-Luzzi, M. and Filippov, S. and Fiore, M. and Fiorini, M. and Firlej, M. and Fitzpatrick, C. and Fiutowski, T. and Fol, P. and Fontana, M. and Fontanelli, F. and Forty, R. and Francisco, O. and Frank, M. and Frei, C. and Frosini, M. and Fu, J. and Furfaro, E. and Gallas Torreira, A. and Galli, D. and Gallorini, S. and Gambetta, S. and Gandelman, M. and Gandini, P. and Gao, Y. and Garc{\'\i}a Pardi{\~n}as, J. and Garofoli, J. and Garra Tico, J. and Garrido, L. and Gascon, D. and Gaspar, C. and Gastaldi, U. and Gauld, R. and Gavardi, L. and Gazzoni, G. and Geraci, A. and Gerick, D. and Gersabeck, E. and Gersabeck, M. and Gershon, T. and Ghez, Ph. and Gianelle, A. and Gian{\`\i}, S. and Gibson, V. and Giubega, L. and Gligorov, V. V. and G{\"o}bel, C. and Golubkov, D. and Golutvin, A. and Gomes, A. and Gotti, C. and Grabalosa G{\'a}ndara, M. and Graciani Diaz, R. and Granado Cardoso, L. A. and Graug{\'e}s, E. and Graverini, E. and Graziani, G. and Grecu, A. and Greening, E. and Gregson, S. and Griffith, P. and Grillo, L. and Gr{\"u}nberg, O. and Gui, B. and Gushchin, E. and Guz, Yu. and Gys, T. and Hadjivasiliou, C. and Haefeli, G. and Haen, C. and Haines, S. C. and Hall, S. and Hamilton, B. and Hampson, T. and Han, X. and Hansmann-Menzemer, S. and Harnew, N. and Harnew, S. T. and Harrison, J. and He, J. and Head, T. and Heijne, V. and Hennessy, K. and Henrard, P. and Henry, L. and Hernando Morata, J. A. and van Herwijnen, E. and He{\ss}, M. and Hicheur, A. and Hill, D. and Hoballah, M. and Hombach, C. and Hulsbergen, W. and Humair, T. and Hussain, N. and Hutchcroft, D. and Hynds, D. and Idzik, M. and Ilten, P. and Jacobsson, R. and Jaeger, A. and Jalocha, J. and The LHCb collaboration},
	date = {2018/09/26},
	date-added = {2025-08-20 10:22:01 +0200},
	date-modified = {2025-08-20 10:22:01 +0200},
	doi = {10.1007/JHEP09(2018)145},
	id = {Aaij2018},
	isbn = {1029-8479},
	journal = {J. High Energ. Phys.},
	number = {9},
	pages = {145},
	title = {Erratum to: Differential branching fraction and angular analysis of $\Lambda_b^0 \to \Lambda \mu^+\mu^-$ decays},
	url = {https://doi.org/10.1007/JHEP09(2018)145},
	volume = {2018},
	year = {2018},
	bdsk-url-1 = {https://doi.org/10.1007/JHEP09(2018)145}
}





